@article{Reference4,
    Abstract = {75 percent of resumes are rejected before they reach the hiring manager.},
    Author = {Danielle Elmers},
    Month = {11},
    Title = {The Job-Search Statistics All Job Seekers Should Know},
    Url = {https://www.topresume.com/career-advice/7-top-job-search-statistics},
    Year = {2022}
}

@article{Reference5,
    Author = {Career Side Kick},
    Title = {The Top 12 Job Search Engines For 2022},
    Month = {11},
    Year = {2022},
    Url = {https://careersidekick.com/tools/job-search-websites/}
}    

@article{Reference6,
    Author = {Southgate Consulting},
    Title = {Has it now become acceptable to have no response to a job application?},
    Month = {02},
    Year = {2020},
    Url = {https://www.southgateconsulting.com/2020/02/28/has-it-now-become-acceptable-to-have-no-response-to-a-job-application/}
}

@article{Reference1,
    Author = {Career Side Kick},
    Title = {The Top 12 Job Search Engines For 2022},
    Month = {11},
    Year = {2022},
    Url = {https://careersidekick.com/tools/job-search-websites/}
}

@article{Reference2,
    Author = {Comscore},
    Title = {Total Visits, September 2021},
    Month = {09},
    Year = {2021},
    Url = {https://www.comscore.com/Insights}
}

@article{Reference3,
    Author = {Indeed},
    Title = {Data Claim: Over 300M+ Monthly Indeed Unique Visitors Source: Indeed Internal Data, April - September 2022},
    Month = {10},
    Year = {2022},
    Url = {https://uk.indeed.com/about/methodology}
}

@article{Reference7,
    Author = {Lisa Rowan},
    Title = {Here’s How Long It Really Takes Employers to Fill Open Positions},
    Month = {01},
    Year = {2015},
    Url = {https://www.brazen.com/blog/archive/job-search/heres-long-really-takes-employers-fill-open-positions}
}

@article{Reference8,
    Author = {SiteJabber},
    Title = {SiteJabber Reviews},
    Month = {11},
    Year = {2022},
    Url = {https://www.sitejabber.com/reviews/www.indeed.com}
}

@article{Reference9,
    Author = {TrustPilot},
    Title = {Trust Pilot Reviews},
    Month = {11},
    Year = {2022},
    Url = {https://uk.trustpilot.com/review/www.indeed.com}
}

@article{Reference10,
    Author = {LinkedIn},
    Title = {LinkedIn About page},
    Month = {11},
    Year = {2022},
    Url = {https://about.linkedin.com}
}

@article{Reference11,
    Author = {Elle Hunt},
    Title = {LinkedIn is the worst of social media. Should I delete my account?},
    Month = {06},
    Year = {2017},
    Url = {https://www.theguardian.com/culture/2017/jun/09/linkedin-is-the-worst-of-social-media-should-i-delete-my-account}
}

@article{Reference12,
    Author = {Maddy Osman},
    Title = {Mind-Blowing LinkedIn Statistics and Facts (2022)},
    Month = {10},
    Year = {2022},
    Url = {https://kinsta.com/blog/linkedin-statistics/}
}

@article{Reference13,
    Author = {Power Formula},
    Title = {Here are the Top 2 Reasons to Use LinkedIn},
    Month = {02},
    Year = {2019},
    Url = {https://www.powerformula.net/14075/here-are-the-top-2-reasons-to-use-linkedin/}
}

@article{Reference14,
    Author = {Lucy Foster},
    Title = {How LinkedIn became the new Facebook},
    Month = {06},
    Year = {2022},
    Url = {https://www.telegraph.co.uk/news/2022/06/21/linkedin-became-new-facebook/}
}

@article{Reference15,
    Author = {Career Builder},
    Title = {Career Builder Pricing},
    Month = {11},
    Year = {2022},
    Url = {https://hiring.careerbuilder.com/recruiting-solutions/small-business-subscription-plans-and-pricing}
}

@article{Reference16,
    Author = {Site Jabber},
    Title = {Site Jabber Reviews for CareerBuilder},
    Month = {11},
    Year = {2022},
    Url = {https://www.sitejabber.com/reviews/careerbuilder.com}
}

@article{Reference17,
    Author = {Jo Farager},
    Title = {Glassdoor acquired by Indeed’s parent company for \$1.2bn},
    Month = {05},
    Year = {2018},
    Url = {https://www.personneltoday.com/hr/glassdoor-acquired-by-indeed-parent-company-for-1-2bn/}
}

@article{Reference18,
    Abstract = {Our quick poll suggests that most people prefer to spend at least 30 minutes on an application…62\% to be exact! 38\% of our respondents spend up to 30 minutes while ‘more than an hour’ received no responses.},
    Author = {Cranberry Panda},
    Title = {How long should you spend on a job application?},
    Month = {04},
    Year = {2016},
    Url = {https://www.cranberrypanda.co.uk/ecommerce-blog-post/how-long-should-you-spend-on-a-job-application}
}

@article{Reference19,
    Abstract = {A staggering 75\% of job seekers don't hear back from employers},
    Author = {Jennifer Parris},
    Title = {Why Employers Don’t Always Respond After Job Interviews},
    Month = {09},
    Year = {2019},
    Url = {https://www.flexjobs.com/blog/post/why-employers-dont-respond-after-job-interviews/}
}

@article{Reference20,
    Author = {React},
    Title = {ReactJS home page},
    Month = {11},
    Year = {2022},
    Url = {https://reactjs.org}
}

@article{Reference21,
    Author = {HTML},
    Title = {HTML home page},
    Month = {11},
    Year = {2022},
    Url = {https://html.com}
}

@article{Reference22,
    Author = {SASS},
    Title = {SASS homepage},
    Month = {11},
    Year = {2022},
    Url = {https://sass-lang.com}
}

@article{Reference23,
    Author = {Jet Brains},
    Title = {IntelliJ IDEA Homepage},
    Month = {11},
    Year = {2022},
    Url = {https://www.jetbrains.com/idea/}
}

@article{Reference24,
    Author = {Google},
    Title = {Firebase from Google},
    Month = {11},
    Year = {2022},
    Url = {https://firebase.google.com}
}

@article{Reference25,
    Author = {Udemy},
    Title = {Udemy},
    Month = {11},
    Year = {2022},
    Url = {https://www.udemy.com}
}

@article{Reference26,
    Author = {Coursera},
    Title = {Coursera},
    Month = {11},
    Year = {2022},
    Url = {https://www.coursera.com}
}

@article{Reference27,
    Author = {Atlassian},
    Title = {Atlassian},
    Month = {11},
    Year = {2022},
    Url = {https://www.atlassian.com}
}

@article{Reference28,
    Author = {The Muse Editors},
    Title = {57 Smart Questions to Ask in a Job Interview in 2022},
    Month = {05},
    Year = {2022},
    Url = {https://www.themuse.com/advice/51-interview-questions-you-should-be-asking}
}

@article{Reference29,
    Author = {Conrad Chung},
    Title = {Introduction to Hashing and its uses},
    Month = {04},
    Year = {2022},
    Url = {https://www.2brightsparks.com/resources/articles/introduction-to-hashing-and-its-uses.html}
}

@article{Reference30,
    Author = {WCAG},
    Title = {WCAG Guidelines},
    Month = {06},
    Year = {2018},
    Url = {https://www.w3.org/TR/WCAG21/}
}

% @article{Reference29,
%     Author = {},
%     Title = {},
%     Month = {},
%     Year = {},
%     Url = {}
% }

% @article{Reference1,
% 	Abstract = {We have developed an enhanced Littrow configuration extended cavity diode laser (ECDL) that can be tuned without changing the direction of the output beam. The output of a conventional Littrow ECDL is reflected from a plane mirror fixed parallel to the tuning diffraction grating. Using a free-space Michelson wavemeter to measure the laser wavelength, we can tune the laser over a range greater than 10 nm without any alteration of alignment.},
% 	Author = {C. J. Hawthorn and K. P. Weber and R. E. Scholten},
% 	Journal = {Review of Scientific Instruments},
% 	Month = {12},
% 	Number = {12},
% 	Numpages = {3},
% 	Pages = {4477--4479},
% 	Title = {Littrow Configuration Tunable External Cavity Diode Laser with Fixed Direction Output Beam},
% 	Volume = {72},
% 	Url = {http://link.aip.org/link/?RSI/72/4477/1},
% 	Year = {2001}
% }

% @article{Reference3,
% 	Abstract = {Operating a laser diode in an extended cavity which provides frequency-selective feedback is a very effective method of reducing the laser's linewidth and improving its tunability. We have developed an extremely simple laser of this type, built from inexpensive commercial components with only a few minor modifications. A 780~nm laser built to this design has an output power of 80~mW, a linewidth of 350~kHz, and it has been continuously locked to a Doppler-free rubidium transition for several days.},
% 	Author = {A. S. Arnold and J. S. Wilson and M. G. Boshier and J. Smith},
% 	Journal = {Review of Scientific Instruments},
% 	Month = {3},
% 	Number = {3},
% 	Numpages = {4},
% 	Pages = {1236--1239},
% 	Title = {A Simple Extended-Cavity Diode Laser},
% 	Volume = {69},
% 	Url = {http://link.aip.org/link/?RSI/69/1236/1},
% 	Year = {1998}
% }

% @article{Reference2,
% 	Abstract = {We present a review of the use of diode lasers in atomic physics with an extensive list of references. We discuss the relevant characteristics of diode lasers and explain how to purchase and use them. We also review the various techniques that have been used to control and narrow the spectral outputs of diode lasers. Finally we present a number of examples illustrating the use of diode lasers in atomic physics experiments. Review of Scientific Instruments is copyrighted by The American Institute of Physics.},
% 	Author = {Carl E. Wieman and Leo Hollberg},
% 	Journal = {Review of Scientific Instruments},
% 	Keywords = {Diode Laser},
% 	Month = {1},
% 	Number = {1},
% 	Numpages = {20},
% 	Pages = {1--20},
% 	Title = {Using Diode Lasers for Atomic Physics},
% 	Volume = {62},
% 	Url = {http://link.aip.org/link/?RSI/62/1/1},
% 	Year = {1991}
% }